<?xml version="1.0" encoding="UTF-8"?><record xmlns="http://www.loc.gov/MARC21/slim" xmlns:cinclude="http://apache.org/cocoon/include/1.0" xmlns:zs="http://www.loc.gov/zing/srw/">
  <leader>00379cz  a2200121n  4500</leader>
  <controlfield tag="001">n  97009171 </controlfield>
  <controlfield tag="003">DLC</controlfield>
  <controlfield tag="005">19970128142011.6</controlfield>
  <controlfield tag="008">970128n| acannaab|          |n aaa |||  </controlfield>
  <datafield tag="010" ind1=" " ind2=" ">
    <subfield code="a">n  97009171 </subfield>
  </datafield>
  <datafield tag="040" ind1=" " ind2=" ">
    <subfield code="a">DLC</subfield>
    <subfield code="c">DLC</subfield>
    <subfield code="d">DLC</subfield>
  </datafield>
  <datafield tag="100" ind1="1" ind2="0">
    <subfield code="a">Mutchler, John C.,</subfield>
    <subfield code="d">1945-</subfield>
  </datafield>
  <datafield tag="670" ind1=" " ind2=" ">
    <subfield code="a">The American directory of writer's guidelines, 1997:</subfield>
    <subfield code="b">CIP t.p. (John C. Mutchler) CIP data sheet (b. 01-25-1945)</subfield>
  </datafield>
</record>